<?xml version="1.0" encoding="UTF-8"?><collection xmlns="http://www.loc.gov/MARC21/slim"><record><leader>00382nam--2200133-i-4500</leader><controlfield tag="001">000030348</controlfield><controlfield tag="002">20161230</controlfield><controlfield tag="005">20161230201038</controlfield><controlfield tag="008">060222s1000------------r-----000-0-eng-d</controlfield><datafield ind1=" " ind2=" " tag="100"><subfield code="a">Lighthill, M.J</subfield></datafield><datafield ind1=" " ind2=" " tag="245"><subfield code="a">Introduction to fourier analysis and generalized functions</subfield></datafield><datafield ind1=" " ind2=" " tag="260"><subfield code="a">Cambridge, University Press, 1958. Viii+79p</subfield></datafield><datafield ind1=" " ind2=" " tag="852"><subfield code="a">13633</subfield><subfield code="c">517.5</subfield></datafield><datafield ind1=" " ind2=" " tag="CAT"><subfield code="a">Sys</subfield><subfield code="c">20080730</subfield><subfield code="h">084847</subfield></datafield></record></collection>